%%% ====================================================================
%%%  BibTeX-file{
%%%     author          = "Gerry Murray",
%%%     version         = "1.2",
%%%     date            = "2 April 2012",
%%%     filename        = "acmsmall-sample-bibfile.bib",
%%%     address         = "ACM, NY",
%%%     email           = "murray at hq.acm.org",
%%%     codetable       = "ISO/ASCII",
%%%     keywords        = "ACM Reference Format, bibliography, citation, references",
%%%     supported       = "yes",
%%%     docstring       = "This BibTeX database file contains 'bibdata' entries
%%%                        that 'match' the examples provided in the Specifications Document
%%%                        AND, also, 'legacy'-type bibs. It should assist authors in 
%%%                        choosing the 'correct' at-bibtype and necessary bib-fields
%%%                        so as to obtain the appropriate ACM Reference Format output. 
%%%			   It also contains many 'Standard Abbreviations'. "
%%%  }
%%% ====================================================================

% Journals

% First the Full Name is given, then the abbreviation used in the AMS Math
% Reviews, with an indication if it could not be found there.
% Note the 2nd overwrites the 1st, so swap them if you want the full name.

 %{AMS}
 @String{AMSTrans = "American Mathematical Society Translations" }
 @String{AMSTrans = "Amer. Math. Soc. Transl." }
 @String{BullAMS = "Bulletin of the American Mathematical Society" }
 @String{BullAMS = "Bull. Amer. Math. Soc." }
 @String{ProcAMS = "Proceedings of the American Mathematical Society" }
 @String{ProcAMS = "Proc. Amer. Math. Soc." }
 @String{TransAMS = "Transactions of the American Mathematical Society" }
 @String{TransAMS = "Trans. Amer. Math. Soc." }

 %ACM
 @String{CACM = "Communications of the {ACM}" }
 @String{CACM = "Commun. {ACM}" }
 @String{CompServ = "Comput. Surveys" }
 @String{JACM = "J. ACM" }
 @String{ACMMathSoft = "{ACM} Transactions on Mathematical Software" }
 @String{ACMMathSoft = "{ACM} Trans. Math. Software" }
 @String{SIGNUM = "{ACM} {SIGNUM} Newsletter" }
 @String{SIGNUM = "{ACM} {SIGNUM} Newslett." }

 @String{AmerSocio = "American Journal of Sociology" }
 @String{AmerStatAssoc = "Journal of the American Statistical Association" }
 @String{AmerStatAssoc = "J. Amer. Statist. Assoc." }
 @String{ApplMathComp = "Applied Mathematics and Computation" }
 @String{ApplMathComp = "Appl. Math. Comput." }
 @String{AmerMathMonthly = "American Mathematical Monthly" }
 @String{AmerMathMonthly = "Amer. Math. Monthly" }
 @String{BIT = "{BIT}" }
 @String{BritStatPsych = "British Journal of Mathematical and Statistical
          Psychology" }
 @String{BritStatPsych = "Brit. J. Math. Statist. Psych." }
 @String{CanMathBull = "Canadian Mathematical Bulletin" }
 @String{CanMathBull = "Canad. Math. Bull." }
 @String{CompApplMath = "Journal of Computational and Applied Mathematics" }
 @String{CompApplMath = "J. Comput. Appl. Math." }
 @String{CompPhys = "Journal of Computational Physics" }
 @String{CompPhys = "J. Comput. Phys." }
 @String{CompStruct = "Computers and Structures" }
 @String{CompStruct = "Comput. \& Structures" }
 @String{CompJour = "The Computer Journal" }
 @String{CompJour = "Comput. J." }
 @String{CompSysSci = "Journal of Computer and System Sciences" }
 @String{CompSysSci = "J. Comput. System Sci." }
 @String{Computing = "Computing" }
 @String{ContempMath = "Contemporary Mathematics" }
 @String{ContempMath = "Contemp. Math." }
 @String{Crelle = "Crelle's Journal" }
 @String{GiornaleMath = "Giornale di Mathematiche" }
 @String{GiornaleMath = "Giorn. Mat." } % didn't find in AMS MR., ibid.

 %IEEE
 @String{Computer = "{IEEE} Computer" }
 @String{IEEETransComp = "{IEEE} Transactions on Computers" }
 @String{IEEETransComp = "{IEEE} Trans. Comput." }
 @String{IEEETransAC = "{IEEE} Transactions on Automatic Control" }
 @String{IEEETransAC = "{IEEE} Trans. Automat. Control" }
 @String{IEEESpec = "{IEEE} Spectrum" } % didn't find in AMS MR
 @String{ProcIEEE = "Proceedings of the {IEEE}" }
 @String{ProcIEEE = "Proc. {IEEE}" } % didn't find in AMS MR
 @String{IEEETransAeroElec = "{IEEE} Transactions on Aerospace and Electronic
     Systems" }
 @String{IEEETransAeroElec = "{IEEE} Trans. Aerospace Electron. Systems" }

 @String{IMANumerAna = "{IMA} Journal of Numerical Analysis" }
 @String{IMANumerAna = "{IMA} J. Numer. Anal." }
 @String{InfProcLet = "Information Processing Letters" }
 @String{InfProcLet = "Inform. Process. Lett." }
 @String{InstMathApp = "Journal of the Institute of Mathematics and
     its Applications" }
 @String{InstMathApp = "J. Inst. Math. Appl." }
 @String{IntControl = "International Journal of Control" }
 @String{IntControl = "Internat. J. Control" }
 @String{IntNumerEng = "International Journal for Numerical Methods in
     Engineering" }
 @String{IntNumerEng = "Internat. J. Numer. Methods Engrg." }
 @String{IntSuper = "International Journal of Supercomputing Applications" }
 @String{IntSuper = "Internat. J. Supercomputing Applic." } % didn't find
%% in AMS MR
 @String{Kibernetika = "Kibernetika" }
 @String{JResNatBurStand = "Journal of Research of the National Bureau
     of Standards" }
 @String{JResNatBurStand = "J. Res. Nat. Bur. Standards" }
 @String{LinAlgApp = "Linear Algebra and its Applications" }
 @String{LinAlgApp = "Linear Algebra Appl." }
 @String{MathAnaAppl = "Journal of Mathematical Analysis and Applications" }
 @String{MathAnaAppl = "J. Math. Anal. Appl." }
 @String{MathAnnalen = "Mathematische Annalen" }
 @String{MathAnnalen = "Math. Ann." }
 @String{MathPhys = "Journal of Mathematical Physics" }
 @String{MathPhys = "J. Math. Phys." }
 @String{MathComp = "Mathematics of Computation" }
 @String{MathComp = "Math. Comp." }
 @String{MathScand = "Mathematica Scandinavica" }
 @String{MathScand = "Math. Scand." }
 @String{TablesAidsComp = "Mathematical Tables and Other Aids to Computation" }
 @String{TablesAidsComp = "Math. Tables Aids Comput." }
 @String{NumerMath = "Numerische Mathematik" }
 @String{NumerMath = "Numer. Math." }
 @String{PacificMath = "Pacific Journal of Mathematics" }
 @String{PacificMath = "Pacific J. Math." }
 @String{ParDistComp = "Journal of Parallel and Distributed Computing" }
 @String{ParDistComp = "J. Parallel and Distrib. Comput." } % didn't find
%% in AMS MR
 @String{ParComputing = "Parallel Computing" }
 @String{ParComputing = "Parallel Comput." }
 @String{PhilMag = "Philosophical Magazine" }
 @String{PhilMag = "Philos. Mag." }
 @String{ProcNAS = "Proceedings of the National Academy of Sciences
                    of the USA" }
 @String{ProcNAS = "Proc. Nat. Acad. Sci. U. S. A." }
 @String{Psychometrika = "Psychometrika" }
 @String{QuartMath = "Quarterly Journal of Mathematics, Oxford, Series (2)" }
 @String{QuartMath = "Quart. J. Math. Oxford Ser. (2)" }
 @String{QuartApplMath = "Quarterly of Applied Mathematics" }
 @String{QuartApplMath = "Quart. Appl. Math." }
 @String{RevueInstStat = "Review of the International Statisical Institute" }
 @String{RevueInstStat = "Rev. Inst. Internat. Statist." }

 %SIAM
 @String{JSIAM = "Journal of the Society for Industrial and Applied
     Mathematics" }
 @String{JSIAM = "J. Soc. Indust. Appl. Math." }
 @String{JSIAMB = "Journal of the Society for Industrial and Applied
     Mathematics, Series B, Numerical Analysis" }
 @String{JSIAMB = "J. Soc. Indust. Appl. Math. Ser. B Numer. Anal." }
 @String{SIAMAlgMeth = "{SIAM} Journal on Algebraic and Discrete Methods" }
 @String{SIAMAlgMeth = "{SIAM} J. Algebraic Discrete Methods" }
 @String{SIAMAppMath = "{SIAM} Journal on Applied Mathematics" }
 @String{SIAMAppMath = "{SIAM} J. Appl. Math." }
 @String{SIAMComp = "{SIAM} Journal on Computing" }
 @String{SIAMComp = "{SIAM} J. Comput." }
 @String{SIAMMatrix = "{SIAM} Journal on Matrix Analysis and Applications" }
 @String{SIAMMatrix = "{SIAM} J. Matrix Anal. Appl." }
 @String{SIAMNumAnal = "{SIAM} Journal on Numerical Analysis" }
 @String{SIAMNumAnal = "{SIAM} J. Numer. Anal." }
 @String{SIAMReview = "{SIAM} Review" }
 @String{SIAMReview = "{SIAM} Rev." }
 @String{SIAMSciStat = "{SIAM} Journal on Scientific and Statistical
     Computing" }
 @String{SIAMSciStat = "{SIAM} J. Sci. Statist. Comput." }

 @String{SoftPracExp = "Software Practice and Experience" }
 @String{SoftPracExp = "Software Prac. Experience" } % didn't find in AMS MR
 @String{StatScience = "Statistical Science" }
 @String{StatScience = "Statist. Sci." }
 @String{Techno = "Technometrics" }
 @String{USSRCompMathPhys = "{USSR} Computational Mathematics and Mathematical
     Physics" }
 @String{USSRCompMathPhys = "{U. S. S. R.} Comput. Math. and Math. Phys." }
 @String{VLSICompSys = "Journal of {VLSI} and Computer Systems" }
 @String{VLSICompSys = "J. {VLSI} Comput. Syst." }
 @String{ZAngewMathMech = "Zeitschrift fur Angewandte Mathematik und
     Mechanik" }
 @String{ZAngewMathMech = "Z. Angew. Math. Mech." }
 @String{ZAngewMathPhys = "Zeitschrift fur Angewandte Mathematik und Physik" }
 @String{ZAngewMathPhys = "Z. Angew. Math. Phys." }

% Publishers % ================================================= |

 @String{Academic = "Academic Press" }
 @String{ACMPress = "{ACM} Press" }
 @String{AdamHilger = "Adam Hilger" }
 @String{AddisonWesley = "Addison-Wesley" }
 @String{AllynBacon = "Allyn and Bacon" }
 @String{AMS = "American Mathematical Society" }
 @String{Birkhauser = "Birkha{\"u}ser" }
 @String{CambridgePress = "Cambridge University Press" }
 @String{Chelsea = "Chelsea" }
 @String{ClaredonPress = "Claredon Press" }
 @String{DoverPub = "Dover Publications" }
 @String{Eyolles = "Eyolles" }
 @String{HoltRinehartWinston = "Holt, Rinehart and Winston" }
 @String{Interscience = "Interscience" }
 @String{JohnsHopkinsPress = "The Johns Hopkins University Press" }
 @String{JohnWileySons = "John Wiley and Sons" }
 @String{Macmillan = "Macmillan" }
 @String{MathWorks = "The Math Works Inc." }
 @String{McGrawHill = "McGraw-Hill" }
 @String{NatBurStd = "National Bureau of Standards" }
 @String{NorthHolland = "North-Holland" }
 @String{OxfordPress = "Oxford University Press" }  %address Oxford or London?
 @String{PergamonPress = "Pergamon Press" }
 @String{PlenumPress = "Plenum Press" }
 @String{PrenticeHall = "Prentice-Hall" }
 @String{SIAMPub = "{SIAM} Publications" }
 @String{Springer = "Springer-Verlag" }
 @String{TexasPress = "University of Texas Press" }
 @String{VanNostrand = "Van Nostrand" }
 @String{WHFreeman = "W. H. Freeman and Co." }

%Entries

@inproceedings{dryad,
  title={Dryad: distributed data-parallel programs from sequential building blocks},
  author={Isard, Michael and Budiu, Mihai and Yu, Yuan and Birrell, Andrew and Fetterly, Dennis},
  booktitle={ACM SIGOPS operating systems review},
  volume={41},
  number={3},
  pages={59--72},
  year={2007},
  organization={ACM}
}

@inproceedings{spark,
  title={Resilient distributed datasets: A fault-tolerant abstraction for in-memory cluster computing},
  author={Zaharia, Matei and Chowdhury, Mosharaf and Das, Tathagata and Dave, Ankur and Ma, Justin and McCauley, Murphy and Franklin, Michael J and Shenker, Scott and Stoica, Ion},
  booktitle={Proceedings of the 9th USENIX conference on Networked Systems Design and Implementation},
  pages={2--2},
  year={2012},
  organization={USENIX Association}
}

@article{apachespark,
 author = {Zaharia, Matei and Xin, Reynold S. and Wendell, Patrick and Das, Tathagata and Armbrust, Michael and Dave, Ankur and Meng, Xiangrui and Rosen, Josh and Venkataraman, Shivaram and Franklin, Michael J. and Ghodsi, Ali and Gonzalez, Joseph and Shenker, Scott and Stoica, Ion},
 title = {Apache Spark: A Unified Engine for Big Data Processing},
 journal = {Commun. ACM},
 issue_date = {November 2016},
 volume = {59},
 number = {11},
 month = oct,
 year = {2016},
 issn = {0001-0782},
 pages = {56--65},
 numpages = {10},
 url = {http://doi.acm.org/10.1145/2934664},
 doi = {10.1145/2934664},
 acmid = {2934664},
 publisher = {ACM},
 address = {New York, NY, USA}
}

@misc{sparktpcds,
  title = {TPC-DS Benchmark on Spark},
  howpublished = "\url{https://github.com/databricks/spark-sql-perf}"
}

@misc{aws,
  title = {Amazon EC2},
  howpublished = "\url{https://aws.amazon.com/ec2/}"
}

@misc{ssd,
  title = {Intel PCIe SSD},
  howpublished = "\url{http://www.intel.com/content/www/us/en/solid-state-drives/intel-ssd-dc-family-for-pcie.html}"
}

@misc{opencloudtrace,
  title = {OpenCloud Hadoop cluster trace},
  howpublished = "\url{http://ftp.pdl.cmu.edu/pub/datasets/hla/dataset.html}"
}

@misc{sparksource,
  title = {Apache Spark 1.6 source},
  howpublished = "\url{https://github.com/apache/spark/tree/branch-1.6}"
}

@article{memcached,
 author = {Fitzpatrick, Brad},
 title = {Distributed Caching with Memcached},
 journal = {Linux J.},
 issue_date = {August 2004},
 volume = {2004},
 number = {124},
 month = aug,
 year = {2004},
 issn = {1075-3583},
 pages = {5--},
 url = {http://dl.acm.org/citation.cfm?id=1012889.1012894},
 acmid = {1012894},
 publisher = {Belltown Media},
 address = {Houston, TX},
}

@inproceedings{sync,
 author = {Xie, Chenning and Chen, Rong and Guan, Haibing and Zang, Binyu and Chen, Haibo},
 title = {SYNC or ASYNC: Time to Fuse for Distributed Graph-parallel Computation},
 booktitle = {Proceedings of the 20th ACM SIGPLAN Symposium on Principles and Practice of Parallel Programming},
 series = {PPoPP 2015},
 year = {2015},
 isbn = {978-1-4503-3205-7},
 location = {San Francisco, CA, USA},
 pages = {194--204},
 numpages = {11},
 url = {http://doi.acm.org/10.1145/2688500.2688508},
 doi = {10.1145/2688500.2688508},
 acmid = {2688508},
 publisher = {ACM},
 address = {New York, NY, USA},
 keywords = {Computation Modes, Distributed Graph-parallel Computation},
} 

@inproceedings{ishuffle,
  title={Improving MapReduce performance in heterogeneous environments with adaptive task tuning},
  author={Cheng, Dazhao and Rao, Jia and Guo, Yanfei and Zhou, Xiaobo},
  booktitle={Proceedings of the 15th International Middleware Conference},
  pages={97--108},
  year={2014},
  organization={ACM}
}

@article{mapreduce,
  title={MapReduce: simplified data processing on large clusters},
  author={Dean, Jeffrey and Ghemawat, Sanjay},
  journal={Communications of the ACM},
  volume={51},
  number={1},
  pages={107--113},
  year={2008},
  publisher={ACM}
}

@inproceedings{shufflewatcher,
  title={ShuffleWatcher: Shuffle-aware Scheduling in Multi-tenant MapReduce Clusters.},
  author={Ahmad, Faraz and Chakradhar, Srimat T and Raghunathan, Anand and Vijaykumar, TN},
  booktitle={USENIX Annual Technical Conference},
  pages={1--12},
  year={2014}
}

@inproceedings{managing,
  title={Managing data transfers in computer clusters with orchestra},
  author={Chowdhury, Mosharaf and Zaharia, Matei and Ma, Justin and Jordan, Michael I and Stoica, Ion},
  booktitle={ACM SIGCOMM Computer Communication Review},
  volume={41},
  number={4},
  pages={98--109},
  year={2011},
  organization={ACM}
}

@inproceedings{varys,
  title={Efficient coflow scheduling with varys},
  author={Chowdhury, Mosharaf and Zhong, Yuan and Stoica, Ion},
  booktitle={ACM SIGCOMM Computer Communication Review},
  volume={44},
  number={4},
  pages={443--454},
  year={2014},
  organization={ACM}
}

@inproceedings{tachyon,
  title={Tachyon: Reliable, memory speed storage for cluster computing frameworks},
  author={Li, Haoyuan and Ghodsi, Ali and Zaharia, Matei and Shenker, Scott and Stoica, Ion},
  booktitle={Proceedings of the ACM Symposium on Cloud Computing},
  pages={1--15},
  year={2014},
  organization={ACM}
}

@article{terasort,
  title={Terabyte sort on apache hadoop},
  author={O’Malley, Owen},
  journal={Yahoo, available online at: http://sortbenchmark. org/Yahoo-Hadoop. pdf,(May)},
  pages={1--3},
  year={2008}
}

@inproceedings{makingsense,
  title={Making Sense of Performance in Data Analytics Frameworks.},
  author={Ousterhout, Kay and Rasti, Ryan and Ratnasamy, Sylvia and Shenker, Scott and Chun, Byung-Gon and ICSI, V},
  booktitle={NSDI},
  volume={15},
  pages={293--307},
  year={2015}
}

@inproceedings{skewtune,
  title={Skewtune: mitigating skew in mapreduce applications},
  author={Kwon, YongChul and Balazinska, Magdalena and Howe, Bill and Rolia, Jerome},
  booktitle={Proceedings of the 2012 ACM SIGMOD International Conference on Management of Data},
  pages={25--36},
  year={2012},
  organization={ACM}
}

@inproceedings{reining,
  title={Reining in the Outliers in Map-Reduce Clusters using Mantri.},
  author={Ananthanarayanan, Ganesh and Kandula, Srikanth and Greenberg, Albert G and Stoica, Ion and Lu, Yi and Saha, Bikas and Harris, Edward},
  booktitle={OSDI},
  volume={10},
  number={1},
  pages={24},
  year={2010}
}

@inproceedings{gufler2012load,
  title={Load balancing in mapreduce based on scalable cardinality estimates},
  author={Gufler, Benjamin and Augsten, Nikolaus and Reiser, Angelika and Kemper, Alfons},
  booktitle={Data Engineering (ICDE), 2012 IEEE 28th International Conference on},
  pages={522--533},
  year={2012},
  organization={IEEE}
}

@inproceedings{predict,
  title={Resource provisioning framework for mapreduce jobs with performance goals},
  author={Verma, Abhishek and Cherkasova, Ludmila and Campbell, Roy H},
  booktitle={ACM/IFIP/USENIX International Conference on Distributed Systems Platforms and Open Distributed Processing},
  pages={165--186},
  year={2011},
  organization={Springer}
}

@article{reservoir,
  title={Random sampling with a reservoir},
  author={Vitter, Jeffrey S},
  journal={ACM Transactions on Mathematical Software (TOMS)},
  volume={11},
  number={1},
  pages={37--57},
  year={1985},
  publisher={ACM}
}

@inproceedings{gfs,
  title={The Google file system},
  author={Ghemawat, Sanjay and Gobioff, Howard and Leung, Shun-Tak},
  booktitle={ACM SIGOPS operating systems review},
  volume={37},
  number={5},
  pages={29--43},
  year={2003},
  organization={ACM}
}

@article{min,
  title={A study of replacement algorithms for a virtual-storage computer},
  author={Belady, Laszlo A.},
  journal={IBM Systems journal},
  volume={5},
  number={2},
  pages={78--101},
  year={1966},
  publisher={IBM}
}

@inproceedings{pacman,
  title={PACMan: Coordinated memory caching for parallel jobs},
  author={Ananthanarayanan, Ganesh and Ghodsi, Ali and Wang, Andrew and Borthakur, Dhruba and Kandula, Srikanth and Shenker, Scott and Stoica, Ion},
  booktitle={Proceedings of the 9th USENIX conference on Networked Systems Design and Implementation},
  pages={20--20},
  year={2012},
  organization={USENIX Association}
}

@inproceedings{zookeeper,
  title={ZooKeeper: Wait-free Coordination for Internet-scale Systems.},
  author={Hunt, Patrick and Konar, Mahadev and Junqueira, Flavio Paiva and Reed, Benjamin},
  booktitle={USENIX annual technical conference},
  volume={8},
  pages={9},
  year={2010}
}

@inproceedings{starfish,
  title={Starfish: A Self-tuning System for Big Data Analytics.},
  author={Herodotou, Herodotos and Lim, Harold and Luo, Gang and Borisov, Nedyalko and Dong, Liang and Cetin, Fatma Bilgen and Babu, Shivnath},
  booktitle={Cidr},
  volume={11},
  number={2011},
  pages={261--272},
  year={2011}
}

@inproceedings{dynmr,
  title={Dynmr: Dynamic mapreduce with reducetask interleaving and maptask backfilling},
  author={Tan, Jian and Chin, Alicia and Hu, Zane Zhenhua and Hu, Yonggang and Meng, Shicong and Meng, Xiaoqiao and Zhang, Li},
  booktitle={Proceedings of the Ninth European Conference on Computer Systems},
  pages={2},
  year={2014},
  organization={ACM}
}

@inproceedings{ihadoop,
  title={iHadoop: asynchronous iterations for MapReduce},
  author={Elnikety, Eslam and Elsayed, Tamer and Ramadan, Hany E},
  booktitle={Cloud Computing Technology and Science (CloudCom), 2011 IEEE Third International Conference on},
  pages={81--90},
  year={2011},
  organization={IEEE}
}

@inproceedings{delay,
  title={Delay scheduling: a simple technique for achieving locality and fairness in cluster scheduling},
  author={Zaharia, Matei and Borthakur, Dhruba and Sen Sarma, Joydeep and Elmeleegy, Khaled and Shenker, Scott and Stoica, Ion},
  booktitle={Proceedings of the 5th European conference on Computer systems},
  pages={265--278},
  year={2010},
  organization={ACM}
}

@inproceedings{quincy,
  title={Quincy: fair scheduling for distributed computing clusters},
  author={Isard, Michael and Prabhakaran, Vijayan and Currey, Jon and Wieder, Udi and Talwar, Kunal and Goldberg, Andrew},
  booktitle={Proceedings of the ACM SIGOPS 22nd symposium on Operating systems principles},
  pages={261--276},
  year={2009},
  organization={ACM}
}

@inproceedings{preemptive,
  title={Preemptive ReduceTask Scheduling for Fair and Fast Job Completion.},
  author={Wang, Yandong and Tan, Jian and Yu, Weikuan and Zhang, Li and Meng, Xiaoqiao and Li, Xiaobing},
  booktitle={ICAC},
  pages={279--289},
  year={2013}
}

@inproceedings{mesos,
  title={Mesos: A Platform for Fine-Grained Resource Sharing in the Data Center.},
  author={Hindman, Benjamin and Konwinski, Andy and Zaharia, Matei and Ghodsi, Ali and Joseph, Anthony D and Katz, Randy H and Shenker, Scott and Stoica, Ion},
  booktitle={NSDI},
  volume={11},
  number={2011},
  pages={22--22},
  year={2011}
}

@inproceedings{tez,
  title={Apache tez: A unifying framework for modeling and building data processing applications},
  author={Saha, Bikas and Shah, Hitesh and Seth, Siddharth and Vijayaraghavan, Gopal and Murthy, Arun and Curino, Carlo},
  booktitle={Proceedings of the 2015 ACM SIGMOD international conference on Management of Data},
  pages={1357--1369},
  year={2015},
  organization={ACM}
}

@inproceedings{coflow,
  title={Coflow: A networking abstraction for cluster applications},
  author={Chowdhury, Mosharaf and Stoica, Ion},
  booktitle={Proceedings of the 11th ACM Workshop on Hot Topics in Networks},
  pages={31--36},
  year={2012},
  organization={ACM}
}

@inproceedings{ramcloud, 
  title={Fast crash recovery in RAMCloud}, 
  author={Ongaro, Diego and Rumble, Stephen M and Stutsman, Ryan and Ousterhout, John and Rosenblum, Mendel}, 
  booktitle={Proceedings of the Twenty-Third ACM Symposium on Operating Systems Principles}, 
  pages={29--41}, 
  year={2011}, 
  organization={ACM} 
}

@inproceedings{babu,
 author = {Babu, Shivnath},
 title = {Towards Automatic Optimization of MapReduce Programs},
 booktitle = {Proceedings of the 1st ACM Symposium on Cloud Computing},
 series = {SoCC '10},
 year = {2010},
 isbn = {978-1-4503-0036-0},
 location = {Indianapolis, Indiana, USA},
 pages = {137--142},
 numpages = {6},
 url = {http://doi.acm.org/10.1145/1807128.1807150},
 doi = {10.1145/1807128.1807150},
 acmid = {1807150},
 publisher = {ACM},
 address = {New York, NY, USA},
 keywords = {Hadoop, MapReduce, cost-based optimization},
} 

@inproceedings{aalo,
 author = {Chowdhury, Mosharaf and Stoica, Ion},
 title = {Efficient Coflow Scheduling Without Prior Knowledge},
 booktitle = {Proceedings of the 2015 ACM Conference on Special Interest Group on Data Communication},
 series = {SIGCOMM '15},
 year = {2015},
 isbn = {978-1-4503-3542-3},
 location = {London, United Kingdom},
 pages = {393--406},
 numpages = {14},
 url = {http://doi.acm.org/10.1145/2785956.2787480},
 doi = {10.1145/2785956.2787480},
 acmid = {2787480},
 publisher = {ACM},
 address = {New York, NY, USA},
 keywords = {coflow, data-intensive applications, datacenter networks},
}

@inproceedings{Li:2009:ESM:1504176.1504188,
 author = {Li, Tong and Baumberger, Dan and Hahn, Scott},
 title = {Efficient and Scalable Multiprocessor Fair Scheduling Using Distributed Weighted Round-robin},
 booktitle = {Proceedings of the 14th ACM SIGPLAN Symposium on Principles and Practice of Parallel Programming},
 series = {PPoPP '09},
 year = {2009},
 isbn = {978-1-60558-397-6},
 location = {Raleigh, NC, USA},
 pages = {65--74},
 numpages = {10},
 url = {http://doi.acm.org/10.1145/1504176.1504188},
 doi = {10.1145/1504176.1504188},
 acmid = {1504188},
 publisher = {ACM},
 address = {New York, NY, USA},
 keywords = {distributed weighted round-robin, fair scheduling, lag, multiprocessor},
}

@inproceedings{finefrc,
 author = {Christodoulopoulou, Rosalia and Manassiev, Kaloian and Bilas, Angelos and Amza, Cristiana},
 title = {Fast and Transparent Recovery for Continuous Availability of Cluster-based Servers},
 booktitle = {Proceedings of the Eleventh ACM SIGPLAN Symposium on Principles and Practice of Parallel Programming},
 series = {PPoPP '06},
 year = {2006},
 isbn = {1-59593-189-9},
 location = {New York, New York, USA},
 pages = {221--229},
 numpages = {9},
 url = {http://doi.acm.org/10.1145/1122971.1123005},
 doi = {10.1145/1122971.1123005},
 acmid = {1123005},
 publisher = {ACM},
 address = {New York, NY, USA},
 keywords = {availability, distributed shared memory, fast failure reconfiguration, fault tolerance, scalability},
} 

@inproceedings{yarn,
  title={Apache hadoop yarn: Yet another resource negotiator},
  author={Vavilapalli, Vinod Kumar and Murthy, Arun C and Douglas, Chris and Agarwal, Sharad and Konar, Mahadev and Evans, Robert and Graves, Thomas and Lowe, Jason and Shah, Hitesh and Seth, Siddharth and others},
  booktitle={Proceedings of the 4th annual Symposium on Cloud Computing},
  pages={5},
  year={2013},
  organization={ACM}
}

@article{design,
  title={The Design of Approximation Algorithms. 2010},
  author={Williamson, David P and Shmoys, David B},
  journal={preprint http://www. designofapproxalgs. com},
  year={2010}
}

@inproceedings{availability,
  title={On Availability of Intermediate Data in Cloud Computations.},
  author={Ko, Steven Y and Hoque, Imranul and Cho, Brian and Gupta, Indranil},
  booktitle={HotOS},
  year={2009}
}

@article{valiant1990bridging,
  title={A bridging model for parallel computation},
  author={Valiant, Leslie G},
  journal={Communications of the ACM},
  volume={33},
  number={8},
  pages={103--111},
  year={1990},
  publisher={ACM}
}

@inproceedings{malewicz2010pregel,
  title={Pregel: a system for large-scale graph processing},
  author={Malewicz, Grzegorz and Austern, Matthew H and Bik, Aart JC and Dehnert, James C and Horn, Ilan and Leiser, Naty and Czajkowski, Grzegorz},
  booktitle={Proceedings of the 2010 ACM SIGMOD International Conference on Management of data},
  pages={135--146},
  year={2010},
  organization={ACM}
}

@article{herodotou2011hadoop,
  title={Hadoop performance models},
  author={Herodotou, Herodotos},
  journal={arXiv preprint arXiv:1106.0940},
  year={2011}
}

@inproceedings{verma2011aria,
  title={ARIA: automatic resource inference and allocation for mapreduce environments},
  author={Verma, Abhishek and Cherkasova, Ludmila and Campbell, Roy H},
  booktitle={Proceedings of the 8th ACM international conference on Autonomic computing},
  pages={235--244},
  year={2011},
  organization={ACM}
}

@inproceedings{polo2010performance,
  title={Performance-driven task co-scheduling for mapreduce environments},
  author={Polo, Jorda and Carrera, David and Becerra, Yolanda and Torres, Jordi and Ayguad{\'e}, Eduard and Steinder, Malgorzata and Whalley, Ian},
  booktitle={2010 IEEE Network Operations and Management Symposium-NOMS 2010},
  pages={373--380},
  year={2010},
  organization={IEEE}
}

@article{guo2017ishuffle,
  title={ishuffle: Improving hadoop performance with shuffle-on-write},
  author={Guo, Yanfei and Rao, Jia and Cheng, Dazhao and Zhou, Xiaobo},
  journal={IEEE Transactions on Parallel and Distributed Systems},
  volume={28},
  number={6},
  pages={1649--1662},
  year={2017},
  publisher={IEEE}
}

@article{chen2014cresp,
  title={Cresp: Towards optimal resource provisioning for mapreduce computing in public clouds},
  author={Chen, Keke and Powers, James and Guo, Shumin and Tian, Fengguang},
  journal={IEEE Transactions on Parallel and Distributed Systems},
  volume={25},
  number={6},
  pages={1403--1412},
  year={2014},
  publisher={IEEE}
}

@article{khan2016hadoop,
  title={Hadoop Performance Modeling for Job Estimation and Resource Provisioning},
  author={Khan, Mukhtaj and Jin, Yong and Li, Maozhen and Xiang, Yang and Jiang, Changjun},
  journal={IEEE Transactions on Parallel \& Distributed Systems},
  number={2},
  pages={441--454},
  year={2016},
  publisher={IEEE}
}

@article{farhat2016stochastic,
  title={Stochastic modeling and optimization of stragglers},
  author={Farhat, Farshid and Tootaghaj, Diman and He, Yuxiong and Sivasubramaniam, Anand and Kandemir, Mahmut and Das, Chita},
  journal={IEEE Transactions on Cloud Computing},
  year={2016},
  publisher={IEEE}
}

@inproceedings{ibrahim2012maestro,
  title={Maestro: Replica-aware map scheduling for mapreduce},
  author={Ibrahim, Shadi and Jin, Hai and Lu, Lu and He, Bingsheng and Antoniu, Gabriel and Wu, Song},
  booktitle={Proceedings of the 2012 12th ieee/acm international symposium on cluster, cloud and grid computing (ccgrid 2012)},
  pages={435--442},
  year={2012},
  organization={IEEE Computer Society}
}

@inproceedings{sharma2012mrorchestrator,
  title={Mrorchestrator: A fine-grained resource orchestration framework for mapreduce clusters},
  author={Sharma, Bikash and Prabhakar, Ramya and Lim, Seung-Hwan and Kandemir, Mahmut T and Das, Chita R},
  booktitle={Cloud Computing (CLOUD), 2012 IEEE 5th International Conference on},
  pages={1--8},
  year={2012},
  organization={IEEE}
}