@inproceedings{vasudevan2009safe,
  title={Safe and effective fine-grained TCP retransmissions for datacenter communication},
  author={Vasudevan, Vijay and Phanishayee, Amar and Shah, Hiral and Krevat, Elie and Andersen, David G and Ganger, Gregory R and Gibson, Garth A and Mueller, Brian},
  booktitle={ACM SIGCOMM computer communication review},
  volume={39},
  number={4},
  pages={303--314},
  year={2009},
  organization={ACM}
}